% This file was created with JabRef 2.10.
% Encoding: UTF-8


@Article{forbes3D,
  Title                    = {2015 Roundup Of 3D Printing Market Forecasts And Estimates},
  Author                   = {Louis Columbus},
  Journal                  = {Forbes},
  Year                     = {2015}
}

@Article{daveni-2015,
  Title                    = {The 3-D Printing Revolution},
  Author                   = {Richard D'Aveni},
  Journal                  = {Harvard Business Review},
  Year                     = {2015},

  Owner                    = {mike},
  Timestamp                = {2016.04.08}
}

@Book{freeman-2014,
  Title                    = {Pro AngularJS},
  Author                   = {Adam Freeman},
  Editor                   = {James T. DeWolf},
  Publisher                = {Apress},
  Year                     = {2014},

  Owner                    = {mike},
  Timestamp                = {2016.04.24}
}

@Electronic{hitzeViewer-2015,
  Title                    = {gCodeViewer},
  Author                   = {Nils Hitze},
  Month                    = {January},
  Organization             = {github},
  Url                      = {https://github.com/hudbrog/gCodeViewer},
  Year                     = {2015},

  Owner                    = {mike},
  Timestamp                = {2016.04.13}
}

@Book{mastering3Dprinting,
  Title                    = {Mastering 3D Printing},
  Author                   = {Joan Horvath},
  Editor                   = {Joan Horvath},
  Publisher                = {Apress},
  Year                     = {2014},

  Doi                      = {10.1007/978-1-4842-0025-4_6},
  Owner                    = {mike},
  Timestamp                = {2016.04.12},
  Url                      = {http://link.springer.com/chapter/10.1007/978-1-4842-0025-4_6}
}

@Article{reprap-2011,
  Title                    = {RepRap â€“ the replicating rapid prototyper},
  Author                   = {Jones,Rhys and Haufe,Patrick and Sells,Edward and Iravani,Pejman and Olliver,Vik and Palmer,Chris and Bowyer,Adrian},
  Journal                  = {Robotica},
  Year                     = {2011},

  Month                    = {1},
  Pages                    = {177--191},
  Volume                   = {29},

  Doi                      = {10.1017/S026357471000069X},
  ISSN                     = {1469-8668},
  Issue                    = {Special Issue 01},
  Numpages                 = {15},
  Url                      = {http://journals.cambridge.org/article_S026357471000069X}
}

@Book{pilgrim-2013,
  Title                    = {Java EE 7 Developer Handbook},
  Author                   = {Peter A. Pilgrim},
  Editor                   = {Ritika Dewani},
  Publisher                = {Packt Publishing},
  Year                     = {2013},

  Comment                  = {ISBN 9781849687942},
  Owner                    = {mike},
  Timestamp                = {2016.04.13},
  Url                      = {http://uml.worldcat.org/title/java-ee-7-developer-handbook-develop-professional-applications-in-java-ee-7-with-this-essential-reference-guide/oclc/861537191&referer=brief_results}
}

